@article{Lord2013,
  title={The {Semantic Web} takes Wing: Programming Ontologies with {Tawny-OWL}},
  author={Lord, Phillip},
  journal={OWLED 2013},
  year={2013}
}
